@article{Chrzanowska2001,
  author={A Chrzanowska and P I C Teixeira and H Ehrentraut and D J Cleaver},
  title={Ordering of hard particles between hard walls},
  journal={Journal of Physics: Condensed Matter},
  volume={13},
  number={21},
  pages={4715},
  url={http://stacks.iop.org/0953-8984/13/i=21/a=306},
  year={2001},
  abstract={The structure of a fluid of hard Gaussian overlap particles of elongation κ = 5, confined between two hard walls, has been calculated from density-functional theory and Monte Carlo simulations. By using the exact expression for the excluded volume kernel (Velasco E and Mederos L 1998 J. Chem. Phys. 109 2361) and solving the appropriate Euler-Lagrange equation entirely numerically, we have been able to extend our theoretical predictions into the nematic phase, which had up till now remained relatively unexplored due to the high computational cost. Simulation reveals a rich adsorption behaviour with increasing bulk density, which is described semi-quantitatively by the theory without any adjustable parameters.}
}
	

@article{Chrzanowska2003,
title = "Application of Gaussian quadratures to density functional (df) theories of confined liquid crystals ",
journal = "Journal of Computational Physics ",
volume = "191",
number = "1",
pages = "265-281",
year = "2003",
note = "",
issn = "0021-9991",
doi = "http://dx.doi.org/10.1016/S0021-9991(03)00316-4",
url = "http://www.sciencedirect.com/science/article/pii/S0021999103003164",
author = "Agnieszka Chrzanowska"
}

@article{Emelyanenko2011,
  title = {Two transitions between isotropic and nematic phases in confined liquid crystals},
  author = {Emelyanenko, Alexander V. and Aya, Satoshi and Sasaki, Yuji and Araoka, Fumito and Ema, Kenji and Ishikawa, Ken and Takezoe, Hideo},
  journal = {Phys. Rev. E},
  volume = {84},
  issue = {4},
  pages = {041701},
  numpages = {4},
  year = {2011},
  month = {Oct},
  publisher = {American Physical Society},
  doi = {10.1103/PhysRevE.84.041701},
  url = {http://link.aps.org/doi/10.1103/PhysRevE.84.041701}
}

@article{Liang2014,
   author = "Liang, Qin and Ye, Shiwei and Zhang, Pingwen and Chen, Jeff Z. Y.",
   title = "Rigid linear particles confined on a spherical surface: Phase diagram of nematic defect states",
   journal = "The Journal of Chemical Physics",
   year = "2014",
   volume = "141",
   number = "24",
   pages = "244901",
   url = "http://scitation.aip.org/content/aip/journal/jcp/141/24/10.1063/1.4903995",
   doi = "http://dx.doi.org/10.1063/1.4903995"
}

@article{Chen2013,
author = {Chen, Jeff Z Y},
doi = {10.1039/c3sm51991k},
file = {:C$\backslash$:/Users/Gao Jie/Dropbox/Mendeley/Chen - 2013 - Structure of two-dimensional rods confined by a line boundary.pdf:pdf},
issn = {1744-683X},
journal = {Soft Matter},
number = {45},
pages = {10921},
title = {{Structure of two-dimensional rods confined by a line boundary}},
url = {http://pubs.rsc.org/en/Content/ArticleLanding/2013/SM/c3sm51991k http://xlink.rsc.org/?DOI=c3sm51991k},
volume = {9},
year = {2013}
}

@Article{Ye2016,
author ="Ye, Shiwei and Zhang, Pingwen and Chen, Jeff Z. Y.",
title  ="Nematic ordering of semiflexible polymers confined on a toroidal surface",
journal  ="Soft Matter",
year  ="2016",
volume  ="12",
issue  ="24",
pages  ="5438-5449",
publisher  ="The Royal Society of Chemistry",
doi  ="10.1039/C6SM01098A",
url  ="http://dx.doi.org/10.1039/C6SM01098A",
abstract  ="We study the isotropic-like and nematic states of wormlike liquid-crystal polymers embedded on the surface of a torus. The role played by surface curvature{,} which couples to the molecular rigidity{,} is reported as the main reason that causes the weak nematic ordering in an otherwise ordinary isotropic phase. The same coupling has a profound effect on the nematic states as well{,} which are stabilized by the Onsager excluded-volume interaction; the latter has been frequently used to study lyotropic liquid crystal polymers and is used here as an example of the physical mechanisms that drive the system to make orientational ordering. We identify important parameters in the system which are used as axes of the four-dimensional phase diagram. The numerical study demonstrates a strong correlation between the liquid-crystal defect-free and defect structures and the geometry of the liquid-crystal embedded surface."}


@article{Zhang2012prl,
  title = {Onsager Model for the Structure of Rigid Rods Confined on a Spherical Surface},
  author = {Zhang, Wu-Yang and Jiang, Ying and Chen, Jeff Z. Y.},
  journal = {Phys. Rev. Lett.},
  volume = {108},
  issue = {5},
  pages = {057801},
  numpages = {5},
  year = {2012},
  month = {Jan},
  publisher = {American Physical Society},
  doi = {10.1103/PhysRevLett.108.057801},
  url = {http://link.aps.org/doi/10.1103/PhysRevLett.108.057801}
}



@article{Zhang2012,
author = {Zhang, Wu-Yang and Jiang, Ying and Chen, Jeff Z. Y.},
doi = {10.1103/PhysRevE.85.061710},
file = {:C$\backslash$:/Users/Gao Jie/Dropbox/Mendeley/Zhang, Jiang, Chen - 2012 - Solution of the Onsager model for the structure of rigid rods confined on a spherical surface.pdf:pdf},
issn = {1539-3755},
journal = {Phys. Rev. E},
month = jun,
number = {6},
pages = {061710},
title = {{Solution of the Onsager model for the structure of rigid rods confined on a spherical surface}},
url = {http://link.aps.org/doi/10.1103/PhysRevE.85.061710},
volume = {85},
year = {2012}
}

@article{delasHeras2004,
   author = "de las Heras, D. and Velasco, E. and Mederos, L.",
   title = "Effects of wetting and anchoring on capillary phenomena in a confined liquid crystal",
   journal = "The Journal of Chemical Physics",
   year = "2004",
   volume = "120",
   number = "10",
   pages = "4949-4957",
   url = "http://scitation.aip.org/content/aip/journal/jcp/120/10/10.1063/1.1646374",
   doi = "http://dx.doi.org/10.1063/1.1646374"
}



@article{delasHeras2009,
  title = {Topological defects in a two-dimensional liquid crystal confined in a circular nanocavity},
  author = {de~las~Heras, D. and Velasco, E. and Mederos, L.},
  journal = {Phys. Rev. E},
  volume = {79},
  issue = {6},
  pages = {061703},
  numpages = {10},
  year = {2009},
  month = {Jun},
  publisher = {American Physical Society},
  doi = {10.1103/PhysRevE.79.061703},
  url = {http://link.aps.org/doi/10.1103/PhysRevE.79.061703}
}


@article{Shin2008,
  title={Topological defects in spherical nematics},
  author={H.~Shin and M.~J. Bowick and X.~Xing},
  journal={Phys. Rev. Lett.},
  volume={101},
  number={3},
  pages={037802},
  year={2008},
  publisher={APS}
}
@article{bates2000phase,
  title={Phase behavior of two-dimensional hard rod fluids},
  author={Bates, Martin A and Frenkel, Daan},
  journal={J. Chem. Phys},
  volume={112},
  number={22},
  pages={10034},
  year={2000},
  publisher={AIP Publishing}
}
@article{Bates2008,
  title={Nematic ordering and defects on the surface of a sphere: A Monte Carlo simulation study},
  author={M.~A. Bates},
  journal={J. Chem. Phys.},
  volume={128},
  number={10},
  pages={104707},
  year={2008},
  publisher={[New York, etc.]: American Institute of Physics.}
}
@article{dhakal2012nematic,
  title={Nematic liquid crystals on spherical surfaces: Control of defect configurations by temperature, density, and rod shape},
  author={S.~Dhakal and F.~J. Solis and M.~O. de~la Cruz},
  journal={Phys. Rev. E},
  volume={86},
  number={1},
  pages={011709},
  year={2012},
  publisher={APS}
}


% Encoding: UTF-8
@book{deG1993,
  title={The physics of liquid crystals},
  author={de Gennes, P G and Prost, J},
  year={1993},
  publisher={Oxford university press}
}

@article{Introduction2006,
  title={Introduction to liquid crystals},
  author={Andrienko, Denis},
  journal={IMPRS school, Bad Marienberg},
  year={2006}
}

@Article{Mori1999,
  author    = {Mori, Hiroyuki and Gartland Jr, Eugene C and Kelly, Jack R and Bos, Philip J},
  title     = {Multidimensional director modeling using the Q tensor representation in a liquid crystal cell and its application to the $\pi$ cell with patterned electrodes},
  journal   = {Jpn. J. Appl. Phys.},
  year      = {1999},
  volume    = {38},
  number    = {1R},
  pages     = {135},
  doi       = {10.1143/jjap.38.135},
  publisher = {IOP Publishing},
}


@Article{Takahashi2008,
  author    = {Takahashi, Kenji and Ichikawa, Masatoshi and Kimura, Yasuyuki},
  title     = {Force between colloidal particles in a nematic liquid crystal studied by optical tweezers},
  journal   = {Phys. Rev. E},
  year      = {2008},
  volume    = {77},
  number    = {2},
  pages     = {020703},
  publisher = {APS},
}

@Article{Fukuda2004interaction,
  author    = {Fukuda, Junichi and Stark, Holger and Yoneya, Makoto and Yokoyama, Hiroshi},
  title     = {Interaction between two spherical particles in a nematic liquid crystal},
  journal   = {Phys. Rev. E},
  year      = {2004},
  volume    = {69},
  number    = {4},
  pages     = {041706},
  publisher = {APS},
}

@Article{Fukuda2004dynamics,
  author    = {Fukuda, Junichi and Stark, Holger and Yoneya, Makoto and Yokoyama, Hiroshi},
  title     = {Dynamics of a nematic liquid crystal around a spherical particle},
  journal   = {J. Phys.: Condens. Matter},
  year      = {2004},
  volume    = {16},
  number    = {19},
  pages     = {S1957},
  publisher = {IOP Publishing},
}

@Article{Mondiot2013,
  author    = {Mondiot, Frédéric and Wang, Xiaoguang and de Pablo, Juan J and Abbott, Nicholas L},
  title     = {Liquid crystal-based emulsions for synthesis of spherical and non-spherical particles with chemical patches},
  journal   = {J. Am. Chem. Soc.},
  year      = {2013},
  volume    = {135},
  number    = {27},
  pages     = {9972--9975},
  publisher = {ACS Publications},
}

@Article{Stark2003stokes,
  author    = {Stark, Holger and Ventzki, Dieter and Reichert, Michael},
  title     = {Recent developments in the field of colloidal dispersions in nematic liquid crystals: the Stokes drag},
  journal   = {J. Phys.: Condens. Matter},
  year      = {2003},
  volume    = {15},
  number    = {1},
  pages     = {S191},
  publisher = {IOP Publishing},
}

@Article{Terentjev2013,
  author    = {Terentjev, Eugene},
  title     = {Liquid crystals: Interplay of topologies},
  journal   = {Nat Mater},
  year      = {2013},
  volume    = {12},
  number    = {3},
  pages     = {187--189},
  publisher = {Nature Publishing Group},
}

@article{Lapointe2009,
  title={Shape-controlled colloidal interactions in nematic liquid crystals},
  author={Lapointe, Clayton P. and Mason, Thomas G. and Smalyukh, Ivan I.},
  journal={Science},
  volume={326},
  number={5956},
  pages={1083--1086},
  year={2009},
  publisher={American Association for the Advancement of Science}
}

@Article{powerlaw1996,
author = { Sriram   Ramaswamy  and  Rajaram   Nityananda  and  V. A.   Raghunathan  and  Jacques   Prost },
title = {Power-Law Forces Between Particles in a Nematic},
journal = {Molecular Crystals and Liquid Crystals Science and Technology. Section A. Molecular Crystals and Liquid Crystals},
volume = {288},
number = {1},
pages = {175-180},
year = {1996},
doi = {10.1080/10587259608034594},
}


@article{Ruhwandl1997,
  title = {Long-range forces and aggregation of colloid particles in a nematic liquid crystal},
  author = {Ruhwandl, R. W. and Terentjev, E. M.},
  journal = {Phys. Rev. E},
  volume = {55},
  issue = {3},
  pages = {2958--2961},
  numpages = {0},
  year = {1997},
  month = {Mar},
  publisher = {American Physical Society},
  doi = {10.1103/PhysRevE.55.2958},
}

@Article{ObservationSR2000,
  author    = {Gu, Yuedong and Abbott, Nicholas L},
  title     = {Observation of saturn-ring defects around solid microspheres in nematic liquid crystals},
  journal   = {Phys. Rev. Lett.},
  year      = {2000},
  volume    = {85},
  number    = {22},
  pages     = {4719},
  publisher = {APS},
}

@Article{Fukuda2009,
  author    = {Fukuda, Junichi},
  title     = {Liquid crystal colloids: a novel composite material based on liquid crystals},
  journal   = {J. Phys. Soc. Jpn.},
  year      = {2009},
  volume    = {78},
  number    = {4},
  pages = {041003},	
  publisher = {The Physical Society of Japan},
}

@Article{Ravnik2009landau,
  author    = {Ravnik, Miha and {\v{Z}}umer, Slobodan},
  title     = {Landau--de Gennes modelling of nematic liquid crystal colloids},
  journal   = {Liq. Cryst.},
  year      = {2009},
  volume    = {36},
  number    = {10-11},
  pages     = {1201--1214},
  publisher = {Taylor \& Francis},
}

@Article{Ravnik2007entangled,
  author    = {Ravnik, Miha and {\v{S}}karabot, Miha and {\v{Z}}umer, Slobodan and Tkalec, Uro{\v{s}} and Poberaj, Igor and Babi{\v{c}}, Du{\v{s}}an and Osterman, Natan and Mu{\v{s}}evi{\v{c}}, Igor},
  title     = {Entangled nematic colloidal dimers and wires},
  journal   = {Phys. Rev. Lett.},
  year      = {2007},
  volume    = {99},
  number    = {24},
  pages     = {247801},
  publisher = {APS},
}

@article{Yamamoto2001transparent,
  title={Transparent nematic phase in a liquid-crystal-based microemulsion},
  author={Yamamoto, Jun and Tanaka, Hajime},
  journal={Nature},
  volume={409},
  number={6818},
  pages={321--325},
  year={2001},
  publisher={Nature Publishing Group}
}

@Article{Yamamoto2001simulating,
  author    = {Yamamoto, Ryoichi},
  title     = {Simulating particle dispersions in nematic liquid-crystal solvents},
  journal   = {Phys. Rev. Lett.},
  year      = {2001},
  volume    = {87},
  number    = {7},
  pages     = {075502},
  publisher = {APS},
}

@article{Muvsevivc2006two,
  title={Two-dimensional nematic colloidal crystals self-assembled by topological defects},
  author={Mu{\v{s}}evi{\v{c}}, Igor and {\v{S}}karabot, Miha and Tkalec, Uro{\v{s}} and Ravnik, Miha and {\v{Z}}umer, Slobodan},
  journal={Science},
  volume={313},
  number={5789},
  pages={954--958},
  year={2006},
  publisher={American Association for the Advancement of Science}
}

@article{Poulin1997,
	author = {Poulin, Philippe and Stark, Holger and Lubensky, T. C. and Weitz, D. A.},
	title = {Novel Colloidal Interactions in Anisotropic Fluids},
	volume = {275},
	number = {5307},
	pages = {1770--1773},
	year = {1997},
	doi = {10.1126/science.275.5307.1770},
	publisher = {American Association for the Advancement of Science},
	journal = {Science}
}



@Article{Poulin1997direct,
  title = {Direct Measurement of Colloidal Forces in an Anisotropic Solvent},
  author = {Poulin, P. and Cabuil, V. and Weitz, D. A.},
  journal = {Phys. Rev. Lett.},
  volume = {79},
  issue = {24},
  pages = {4862--4865},
  numpages = {0},
  year = {1997},
  month = {Dec},
  publisher = {American Physical Society},
  doi = {10.1103/PhysRevLett.79.4862},
}

@Article{Poulin1998,
  title = {Inverted and multiple nematic emulsions},
  author = {Poulin, P. and Weitz, D. A.},
  journal = {Phys. Rev. E},
  volume = {57},
  issue = {1},
  pages = {626--637},
  numpages = {0},
  year = {1998},
  month = {Jan},
  publisher = {American Physical Society},
  doi = {10.1103/PhysRevE.57.626},
}


@article{Yada2002,
  title={Spontaneous formation of regular defect array in water-in-cholesteric liquid crystal emulsions},
  author={Yada, Makoto and Yamamoto, Jun and Yokoyama, Hiroshi},
  journal={Langmuir},
  volume={18},
  number={20},
  pages={7436--7440},
  year={2002},
  publisher={ACS Publications}
}

@article{Yada2004,
  title = {Direct Observation of Anisotropic Interparticle Forces in Nematic Colloids with Optical Tweezers},
  author = {Yada, Makoto and Yamamoto, Jun and Yokoyama, Hiroshi},
  journal = {Phys. Rev. Lett.},
  volume = {92},
  issue = {18},
  pages = {185501},
  numpages = {4},
  year = {2004},
  month = {May},
  publisher = {American Physical Society},
  doi = {10.1103/PhysRevLett.92.185501},
}


@article{Zapotocky1999,
  title={Particle-stabilized defect gel in cholesteric liquid crystals},
  author={Zapotocky, Martin and Ramos, Laurence and Poulin, Philippe and Lubensky, T. C. and Weitz, D. A.},
  journal={Science},
  volume={283},
  number={5399},
  pages={209--212},
  year={1999},
  publisher={American Association for the Advancement of Science}
}

@Article{Meeker2000,
  author    = {Meeker, S. P. and Poon, W. C. K. and Crain, J. and Terentjev, E. M.},
  title     = {Colloid\char21{}liquid-crystal composites: An unusual soft solid},
  journal   = {Phys. Rev. E},
  year      = {2000},
  volume    = {61},
  pages     = {R6083--R6086},
  month     = {Jun},
  doi       = {10.1103/PhysRevE.61.R6083},
  issue     = {6},
  numpages  = {0},
  publisher = {American Physical Society},
}

@Article{cladis1972non,
  author    = {Cladis, P. E. and Kleman, M},
  title     = {Non-singular disclinations of strength S = + 1 in nematics},
  journal   = {J. Phys.},
  year      = {1972},
  volume    = {33},
  number    = {5-6},
  pages     = {591--598},
  publisher = {Soci{\'e}t{\'e} Fran{\c{c}}aise de Physique},
}

@Article{Lubensky1998,
  title = {Topological defects and interactions in nematic emulsions},
  author = {Lubensky, T. C. and Pettey, David and Currier, Nathan and Stark, Holger},
  journal = {Phys. Rev. E},
  volume = {57},
  issue = {1},
  pages = {610--625},
  numpages = {0},
  year = {1998},
  month = {Jan},
  publisher = {American Physical Society},
  doi = {10.1103/PhysRevE.57.610},
}

@Article{Stark2001,
  author    = {Stark, Holger},
  title     = {Physics of colloidal dispersions in nematic liquid crystals},
  journal   = {Phys. Rep.},
  year      = {2001},
  volume    = {351},
  number    = {6},
  pages     = {387--474},
  publisher = {Elsevier},
}

@Article{Allen2001,
  author    = {Andrienko, Denis and Germano, Guido and Allen, Michael. P.},
  title     = {Computer simulation of topological defects around a colloidal particle or droplet dispersed in a nematic host},
  journal   = {Phys. Rev. E.},
  year      = {2001},
  volume    = {63},
  number    = {4},
  pages     = {041701},
  publisher = {APS},
}

@Article{Skavcej2008,
  author    = {Ska{\v{c}}ej, Gregor and Zannoni, Claudio},
  title     = {Controlling surface defect valence in colloids},
  journal   = {Phys. Rev. Lett.},
  year      = {2008},
  volume    = {100},
  number    = {19},
  pages     = {197802},
  publisher = {APS},
}

@Article{Stark1999,
  author    = {Stark, Holger},
  title     = {Director field configurations around a spherical particle in a nematic liquid crystal},
  journal   = {Eur. Phys. J. B},
  year      = {1999},
  volume    = {10},
  number    = {2},
  pages     = {311--321},
  publisher = {Springer},
}

@article{Loudet2004stokes,
  title={Stokes drag on a sphere in a nematic liquid crystal},
  author={Loudet, J. C.  and Hanusse, P and Poulin, P},
  journal={Science},
  volume={306},
  number={5701},
  pages={1525--1525},
  year={2004},
  publisher={American Association for the Advancement of Science}
}

@Article{Foffano2014dynamics,
  author    = {Foffano, G and Lintuvuori, J. S. and Tiribocchi, A and Marenduzzo, D},
  title     = {The dynamics of colloidal intrusions in liquid crystals: ka simulation perspective},
  journal   = {Liq. Cryst. Rev.},
  year      = {2014},
  volume    = {2},
  number    = {1},
  pages     = {1--27},
  doi       = {10.1080/21680396.2013.878672},
  publisher = {Taylor \& Francis},
}


@book{Bushby2012semi,
  title={Liquid crystalline semiconductors: materials, properties and applications},
  author={Bushby, Richard J and Kelly, Stephen M and O'Neill, Mary},
  volume={169},
  year={2012},
  publisher={Springer}
}

@Article{Fukuda2002cholesteric,
  title = {Interaction of foreign macroparticles in a cholesteric liquid crystal},
  author = {Fukuda, Jun-ichi and Lev, Bohdan I. and Yokoyama, Hiroshi},
  journal = {Phys. Rev. E},
  volume = {65},
  issue = {3},
  pages = {031710},
  numpages = {4},
  year = {2002},
  month = {Feb},
  publisher = {American Physical Society},
  doi = {10.1103/PhysRevE.65.031710},
}

@Article{Stark2004capillary,
  author    = {Stark, Holger and Fukuda, Junichi and Yokoyama, Hiroshi},
  title     = {Capillary condensation in liquid-crystal colloids},
  journal   = {Phys. Rev. Lett.},
  year      = {2004},
  volume    = {92},
  number    = {20},
  pages     = {205502},
  doi       = {10.1103/physrevlett.92.205502},
  publisher = {APS},
}

@Article{Fukuda2005,
  author    = {Fukuda, Junichi and Yokoyama, Hiroshi and Yoneya, Makoto and Stark, Holger},
  title     = {Interaction between particles in a nematic liquid crystal: numerical study using the landau-de gennes continuum theory},
  journal   = {Mol. Cryst. Liq. Cryst.},
  year      = {2005},
  volume    = {435},
  number    = {1},
  pages     = {63--723},
  doi       = {10.1080/15421400590956045},
  publisher = {Taylor \& Francis},
}

@Article{Nazarenko2001,
  author    = {Nazarenko, V. G. and Nych, A. B. and Lev, B. I.},
  title     = {Crystal structure in nematic emulsion},
  journal   = {Phys. Rev. Lett.},
  year      = {2001},
  volume    = {87},
  number    = {7},
  pages     = {075504},
  publisher = {APS},
}

@Article{Lev2002,
 title = {Symmetry breaking and interaction of colloidal particles in nematic liquid crystals},
  author = {Lev, B. I. and Chernyshuk, S. B. and Tomchuk, P. M. and Yokoyama, H.},
  journal = {Phys. Rev. E},
  volume = {65},
  issue = {2},
  pages = {021709},
  numpages = {14},
  year = {2002},
  month = {Jan},
  publisher = {American Physical Society},
  doi = {10.1103/PhysRevE.65.021709},
}


@Article{Bisoyi2011,
  author    = {Bisoyi, Hari Krishna and Kumar, Sandeep},
  title     = {Liquid-crystal nanoscience: an emerging avenue of soft self-assembly},
  journal   = {Chem. Soc. Rev.},
  year      = {2011},
  volume    = {40},
  number    = {1},
  pages     = {306--319},
  publisher = {Royal Society of Chemistry},
}


@article{Tkalec2013topology,
  title={Topology of nematic liquid crystal colloids confined to two dimensions},
  author={Tkalec, Uro{\v{s}} and Mu{\v{s}}evi{\v{c}}, Igor},
  journal={Soft Matter},
  volume={9},
  number={34},
  pages={8140--8150},
  year={2013},
  publisher={Royal Society of Chemistry}
}

@Article{Cluzeau2001interactions,
  author    = {Cluzeau, P and Poulin, P and Joly, G and Nguyen, H. T.},
  title     = {Interactions between colloidal inclusions in two-dimensional smectic-C* films},
  journal   = {Phys. Rev. E.},
  year      = {2001},
  volume    = {63},
  number    = {3},
  pages     = {031702},
  publisher = {APS},
}

 @article{Ravnik2009nematic,
  title={Nematic colloids entangled by topological defects},
  author={Ravnik, Miha and {\v{Z}}umer, Slobodan},
  journal={Soft Matter},
  volume={5},
  number={2},
  pages={269--274},
  year={2009},
  publisher={The Royal Society of Chemistry}
}

@article{Araki2013defect,
  title={Defect science and engineering of liquid crystals under geometrical frustration},
  author={Araki, Takeaki and Serra, Francesca and Tanaka, Hajime},
  journal={Soft Matter},
  volume={9},
  number={34},
  pages={8107--8120},
  year={2013},
  publisher={Royal Society of Chemistry}
}

@Article{Yoneya2005effect,
  author    = {Yoneya, Makoto and Fukuda, Junichi and Yokoyama, Hiroshi and Stark, Holger},
  title     = {Effect of a hydrodynamic flow on the orientation profiles of a nematic liquid crystal around a spherical particle},
  journal   = {Mol. Cryst. Liq. Cryst.},
  year      = {2005},
  volume    = {435},
  number    = {1},
  pages     = {75--735},
  doi       = {10.1080/15421400590956009},
  publisher = {Taylor \& Francis},
}

@Article{Araki2006surface,
  author    = {Araki, Takeaki and Tanaka, Hajime},
  title     = {Surface-sensitive particle selection by driving particles in a nematic solvent},
  journal   = {J. Phys.: Condens. Matter},
  year      = {2006},
  volume    = {18},
  number    = {15},
  pages     = {L193},
  publisher = {IOP Publishing},
}

@Article{Araki2006PRL,
  author    = {Araki, Takeaki and Tanaka, Hajime},
  title     = {Colloidal aggregation in a nematic liquid crystal: topological arrest of particles by a single-stroke disclination line},
  journal   = {Phys. Rev. Lett.},
  year      = {2006},
  volume    = {97},
  number    = {12},
  pages     = {127801},
  publisher = {APS},
}

@Article{Lintuvuori2010LB,
  author    = {Lintuvuori, J. S. and Marenduzzo, D and Stratford, K and Cates, M. E.},
  title     = {Colloids in liquid crystals: a lattice Boltzmann study},
  journal   = {J. Mater. Chem.},
  year      = {2010},
  volume    = {20},
  number    = {46},
  pages     = {10547--10552},
  publisher = {Royal Society of Chemistry},
}

@Article{tasinkevych2012,
  author    = {Tasinkevych, M and Silvestre, N. M. and da Gama, M. M. Telo},
  title     = {Liquid crystal boojum-colloids},
  journal   = {New. J. Phys.},
  year      = {2012},
  volume    = {14},
  number    = {7},
  pages     = {073030},
  publisher = {IOP Publishing},
}

@article{Mozaffari2011interaction,
  title={Interaction of spherical colloidal particles in nematic media with degenerate planar anchoring},
  author={Mozaffari, Mohammad Reza and Babadi, Mehrtash and Fukuda, Junichi and Ejtehadi, Mohammad Reza},
  journal={Soft Matter},
  volume={7},
  number={3},
  pages={1107--1113},
  year={2011},
  publisher={Royal Society of Chemistry}
}

@Article{tasinkevych2002colloidal,
  author    = {Tasinkevych, M and Silvestre, N. M. and Patr{\'\i}cio, P and Telo da Gama, M. M.},
  title     = {Colloidal interactions in two-dimensional nematics},
  journal   = {Eur. Phys. J. E},
  year      = {2002},
  volume    = {9},
  number    = {4},
  pages     = {341--347},
  publisher = {Springer},
}

@Article{ansorg2005double,
  author    = {Ansorg, Marcus},
  title     = {Double-domain spectral method for black hole excision data},
  journal   = {Phys. Rev. D},
  year      = {2005},
  volume    = {72},
  number    = {2},
  pages     = {024018},
  publisher = {APS},
}

@Article{hung2009quadrupolar,
  author    = {Hung, Francisco R},
  title     = {Quadrupolar particles in a nematic liquid crystal: Effects of particle size and shape},
  journal   = {Phys. Rev. E},
  year      = {2009},
  volume    = {79},
  number    = {2},
  pages     = {021705},
  publisher = {APS},
}

@Article{vskarabot2008interactions,
  author    = {{\v{S}}karabot, M and Ravnik, M and {\v{Z}}umer, S and Tkalec, U and Poberaj, I and Babi{\v{c}}, D and Osterman, N and Mu{\v{s}}evi{\v{c}}, I},
  title     = {Interactions of quadrupolar nematic colloids},
  journal   = {Phys. Rev. E},
  year      = {2008},
  volume    = {77},
  number    = {3},
  pages     = {031705},
  publisher = {APS},
}

@Article{Feng2004,
  author    = {Feng, James J and Zhou, Chixing},
  title     = {Orientational defects near colloidal particles in a nematic liquid crystal},
  journal   = {J. Colloid. Interface. Sci.},
  year      = {2004},
  volume    = {269},
  number    = {1},
  pages     = {72--78},
  publisher = {Elsevier},
}

@Article{Smalyukh2005elasticity,
  title = {Elasticity-Mediated Self-Organization and Colloidal Interactions of Solid Spheres with Tangential Anchoring in a Nematic Liquid Crystal},
  author = {Smalyukh, I. I. and Lavrentovich, O. D. and Kuzmin, A. N. and Kachynski, A. V. and Prasad, P. N.},
  journal = {Phys. Rev. Lett.},
  volume = {95},
  issue = {15},
  pages = {157801},
  numpages = {4},
  year = {2005},
  month = {Oct},
  publisher = {American Physical Society},
  doi = {10.1103/PhysRevLett.95.157801},
}


@Article{Fukuda2005separation,
  author    = {Fukuda, Junichi and Yokoyama, Hiroshi},
  title     = {Separation-independent attractive force between like particles mediated by nematic-liquid-crystal distortions},
  journal   = {Phys. Rev. Lett.},
  year      = {2005},
  volume    = {94},
  number    = {14},
  pages     = {148301},
  publisher = {APS},
}

@Article{Guzman2003,
  title = {Defect Structure around Two Colloids in a Liquid Crystal},
  author = {Guzm\'an, O. and Kim, E. B. and Grollau, S. and Abbott, N. L. and de Pablo, J. J.},
  journal = {Phys. Rev. Lett.},
  volume = {91},
  issue = {23},
  pages = {235507},
  numpages = {4},
  year = {2003},
  month = {Dec},
  publisher = {American Physical Society},
  doi = {10.1103/PhysRevLett.91.235507},
}


@Article{tasinkevych2010colloidal,
  author  = {Tasinkevych, M and Andrienko, D},
  title   = {Colloidal particles in liquid crystal films and at interfaces.},
  journal = {Condens. Matter Phys.},
  year    = {2010},
  volume  = {13},
  number  = {3},
  pages   = {1–20},
}

@Article{Kishita2011,
  author  = {Kishita, Takahiro and Kondo, Noboru and Takahashi, Kenji and Ichikawa, Masatoshi and Fukuda, Junichi and Kimura, Yasuyuki},
  title   = {{Interparticle force in nematic colloids: Comparison between experiment and theory}},
  journal = {Phys. Rev. E},
  year    = {2011},
  volume  = {84},
  number  = {2},
  pages   = {19--22},
}

@Article{kishita2010arrangement,
  author    = {Kishita, Takahiro and Takahashi, Kenji and Ichikawa, Masatoshi and Fukuda, Junichi and Kimura, Yasuyuki},
  title     = {Arrangement dependence of interparticle force in nematic colloids},
  journal   = {Phys. Rev. E},
  year      = {2010},
  volume    = {81},
  number    = {1},
  pages     = {010701},
  publisher = {APS},
}

@Article{callan2006simulation,
title = {Simulation and visualization of topological defects in nematic liquid crystals},
  author = {Callan-Jones, A. C. and Pelcovits, Robert A. and Slavin, V. A. and Zhang, S. and Laidlaw, D. H. and Loriot, G. B.},
  journal = {Phys. Rev. E},
  volume = {74},
  issue = {6},
  pages = {061701},
  numpages = {9},
  year = {2006},
  month = {Dec},
  publisher = {American Physical Society},
  doi = {10.1103/PhysRevE.74.061701},
}

@Article{fukuda2002defect,
  author    = {Fukuda, Junichi and Yoneya, Makoto and Yokoyama, Hiroshi},
  title     = {Defect structure of a nematic liquid crystal around a spherical particle: Adaptive mesh refinement approach},
  journal   = {Phys. Rev. E},
  year      = {2002},
  volume    = {65},
  number    = {4},
  pages     = {041709},
  publisher = {APS},
}

@Article{fukuda2004director,
  author    = {Fukuda, Junichi and Yoneya, Makoto and Yokoyama, Hiroshi},
  title     = {Director configuration of a nematic liquid crystal around a spherical particle: Numerical analysis using adaptive mesh refinement},
  journal   = {Mol. Cryst. Liq. Cryst.},
  year      = {2004},
  volume    = {413},
  number    = {1},
  pages     = {221--229},
  publisher = {Taylor \& Francis},
}

@Article{fukuda2004nematic,
  author    = {Fukuda, Junichi and Yoneya, Makoto and Yokoyama, Hiroshi},
  title     = {Nematic liquid crystal around a spherical particle: Investigation of the defect structure and its stability using adaptive mesh refinement},
  journal   = {Eur. Phys. J. E},
  year      = {2004},
  volume    = {13},
  number    = {1},
  pages     = {87--98},
  publisher = {Springer},
}

@Article{vskarabot2007two,
  author    = {{\v{S}}karabot, M and Ravnik, M and {\v{Z}}umer, S and Tkalec, U and Poberaj, I and Babi{\v{c}}, D and Osterman, N and Mu{\v{s}}evi{\v{c}}, I},
  title     = {Two-dimensional dipolar nematic colloidal crystals},
  journal   = {Phys. Rev. E},
  year      = {2007},
  volume    = {76},
  number    = {5},
  pages     = {051406},
  publisher = {APS},
}

@Article{ognysta20082d,
  author    = {Ognysta, U and Nych, Andriy and Nazarenko, Vassili and Mu{\v{s}}evi{\v{c}}, Igor and {\v{S}}karabot, Miha and Ravnik, Miha and {\v{Z}}umer, Slobodan and Poberaj, Igor and Babi{\v{c}}, Du{\v{s}}an},
  title     = {2D interactions and binary crystals of dipolar and quadrupolar nematic colloids},
  journal   = {Phys. Rev. Lett.},
  year      = {2008},
  volume    = {100},
  number    = {21},
  pages     = {217803},
  publisher = {APS},
}

@Article{Boltzmann2010,
  author    = {Lintuvuori, J. S. and Marenduzzo, D and Stratford, K and Cates, M. E.},
  title     = {Colloids in liquid crystals: a lattice Boltzmann study},
  journal   = {J. Mater. Chem.},
  year      = {2010},
  volume    = {20},
  number    = {46},
  pages     = {10547--10552},
  publisher = {Royal Society of Chemistry},
}

@article{Tomar2012,
author = {Tomar, V. and Roberts, T. F. and Abbott, N. L. and Hern{\'{a}}ndez-Ortiz, J. P. and {De Pablo}, J. J.},
journal = {Langmuir},
number = {14},
pages = {6124--6131},
title = {{Liquid crystal mediated interactions between nanoparticles in a nematic phase}},
volume = {28},
year = {2012}
}
@Article{majumdar2010equilibrium,
  author    = {Majumdar, Apala},
  title     = {Equilibrium order parameters of nematic liquid crystals in the Landau-de Gennes theory},
  journal   = {Eur. J. Appl. Math.},
  year      = {2010},
  volume    = {21},
  number    = {02},
  pages     = {181--203},
  publisher = {Cambridge Univ Press},
}

@article{Mkaddem2000,
  title = {Fine structure of defects in radial nematic droplets},
  author = {Mkaddem, S. and Gartland, E. C.},
  journal = {Phys. Rev. E},
  volume = {62},
  issue = {5},
  pages = {6694--6705},
  numpages = {0},
  year = {2000},
  month = {Nov},
  publisher = {American Physical Society},
  doi = {10.1103/PhysRevE.62.6694},
}

@Article{cheung2008effect,
  author    = {Cheung, David. L. and Allen, Michael. P.},
  title     = {Effect of substrate geometry on liquid-crystal-mediated nanocylinder-substrate interactions},
  journal   = {J. Chem. Phys.},
  year      = {2008},
  volume    = {129},
  number    = {11},
  pages     = {114706},
  publisher = {AIP Publishing},
}

@Article{Lamy2016,
  author    = {Alama, Stan and Bronsard, Lia and Lamy, Xavier},
  title     = {Analytical description of the Saturn-ring defect in nematic colloids},
  journal   = {Phys. Rev. E},
  year      = {2016},
  volume    = {93},
  pages     = {012705},
  month     = {Jan},
  doi       = {10.1103/PhysRevE.93.012705},
  issue     = {1},
  numpages  = {5},
  publisher = {American Physical Society},
}

@Article{Lamy2016Minimizer,
  author    = {Alama, Stan and Bronsard, Lia and Lamy, Xavier},
  title     = {Minimizers of the Landau--de Gennes Energy Around a Spherical Colloid Particle},
  journal   = {Arch. Ration. Mech. Anal.},
  year      = {2016},
  pages     = {1--24},
  publisher = {Springer Berlin Heidelberg},
}

@article{gennes1972,
  title={Types of singularities permitted in the ordered phase},
  author={de Gennes, P. G.},
  journal={C. R. Acad. Sci. Paris Ser. B},
  volume={275},
  number={9},
  pages={319-321},
  year={1972},
}

@article{Muvsevivc2008self,
  title={Self-assembly of nematic colloids},
  author={Mu{\v{s}}evi{\v{c}}, Igor and {\v{S}}karabot, Miha},
  journal={Soft Matter},
  volume={4},
  number={2},
  pages={195--199},
  year={2008},
  publisher={The Royal Society of Chemistry}
}

@Article{Terentjev1995,
  author    = {Terentjev, E. M.},
  title     = {Disclination loops, standing alone and around solid particles, in nematic liquid crystals},
  journal   = {Phy. Rev. E},
  year      = {1995},
  volume    = {51},
  number    = {2},
  pages     = {1330},
  publisher = {APS},
}

@Unpublished{mottram2014introduction,
author = "{Mottram, Nigel. J. and Newton, Christopher J. P.}",
title = "{Introduction to Q-tensor theory}"	,
year = "2014",
eprint = "arXiv:1409.3542[cond-mat.soft]",
note ="",
}	


@Article{forest2000exact,
  author    = {Forest, M. Gregory. and Wang, Qi and Zhou, Hong},
  title     = {Exact banded patterns from a Doi-Marrucci-Greco model of nematic liquid crystal polymers},
  journal   = {Phys. Rev. E},
  year      = {2000},
  volume    = {61},
  number    = {6},
  pages     = {6655},
  publisher = {APS},
}

@Article{izaki2013interparticle,
  author    = {Izaki, Kuniyoshi and Kimura, Yasuyuki},
  title     = {Interparticle force between different types of nematic colloids},
  journal   = {Phys. Rev. E},
  year      = {2013},
  volume    = {87},
  number    = {6},
  pages     = {062507},
  publisher = {APS},
}

@book{kato2013perturbation,
  title={Perturbation theory for linear operators},
  author={Kato, Tosio},
  volume={132},
  year={2013},
  publisher={Springer Science \& Business Media}
}

@Article{martinez2014mutually,
  author    = {Martinez, Angel and Ravnik, Miha and Lucero, Brice and Visvanathan, Rayshan and {\v{Z}}umer, Slobodan and Smalyukh, Ivan. I.},
  title     = {Mutually tangled colloidal knots and induced defect loops in nematic fields},
  journal   = {Nat Mater},
  year      = {2014},
  volume    = {13},
  number    = {3},
  pages     = {258--263},
  publisher = {Nature Publishing Group},
}

@Article{wang2016topological,
  author    = {Wang, Xiaoguang and Miller, Daniel. S. and Bukusoglu, Emre and de Pablo, Juan. J. and Abbott, Nicholas. L.},
  title     = {Topological defects in liquid crystals as templates for molecular self-assembly},
  journal   = {Nat Mater},
  year      = {2016},
  volume    = {15},
  number    = {1},
  pages     = {106--112},
  publisher = {Nature Publishing Group},
}

@Article{wood2011self,
  author    = {Wood, T. A. and Lintuvuori, J. S. and Schofield, A. B. and Marenduzzo, D and Poon, W. C. K.},
  title     = {A self-quenched defect glass in a colloid-nematic liquid crystal composite},
  journal   = {Science},
  year      = {2011},
  volume    = {334},
  number    = {6052},
  pages     = {79--83},
  doi       = {10.1126/science.1209997},
  publisher = {American Association for the Advancement of Science},
}

@Book{wright1999numerical,
  title   = {Numerical optimization},
  year    = {1999},
  author  = {Wright, Stephen and Nocedal, Jorge},
  volume  = {35},
  publisher = {Springer},
}

@Article{weinan2002string,
  author    = {Weinan, E and Ren, Weiqing and Vanden-Eijnden, Eric},
  title     = {String method for the study of rare events},
  journal   = {Phys. Rev. B},
  year      = {2002},
  volume    = {66},
  number    = {5},
  pages     = {052301},
  doi       = {10.1103/physrevb.66.052301},
  publisher = {APS},
}

@article{roan2002self,
  title={Self-consistent-field theory for interacting polymeric assemblies. I. Formulation, implementation, and benchmark tests},
  author={Roan, Jiunn-Ren and Kawakatsu, Toshihiro},
  journal={J. Chem. Phys.},
  volume={116},
  number={16},
  pages={7283--7294},
  year={2002},
  publisher={AIP}
}
{{Trebin1989,
	author = {{Penzenstadler, E.} and {Trebin, H.-R.}},
	title = {Fine structure of point defects and soliton decay in nematic liquid crystals},
	journal = {J. Phys. France},
	year = 1989,
	volume = 50,
	number = 9,
	pages = "1027-1040",
}


@article{Ryzhkova2013,
  title = {Particle size effects on nanocolloidal interactions in nematic liquid crystals},
  author = {Ryzhkova, A. V. and Mu\ifmmode \check{s}\else \v{s}\fi{}evi\ifmmode \check{c}\else \v{c}\fi{}, I.},
  journal = {Phys. Rev. E},
  volume = {87},
  issue = {3},
  pages = {032501},
  numpages = {12},
  year = {2013},
  month = {Mar},
  publisher = {American Physical Society},
}

@article{Tkalec2009,
  title = {Vortexlike Topological Defects in Nematic Colloids: Chiral Colloidal Dimers and 2D Crystals},
  author = {Tkalec, U. and Ravnik, M. and \ifmmode \check{Z}\else \v{Z}\fi{}umer, S. and Mu\ifmmode \check{s}\else \v{s}\fi{}evi\ifmmode \check{c}\else \v{c}\fi{}, I.},
  journal = {Phys. Rev. Lett.},
  volume = {103},
  issue = {12},
  pages = {127801},
  numpages = {4},
  year = {2009},
  month = {Sep},
  publisher = {American Physical Society},
}

@article{Vilfan2008,
  title = {Confinement Effect on Interparticle Potential in Nematic Colloids},
  author = {Vilfan, Mojca and Osterman, Natan and \ifmmode \check{C}\else \v{C}\fi{}opi\ifmmode \check{c}\else \v{c}\fi{}, Martin and Ravnik, Miha and \ifmmode \check{Z}\else \v{Z}\fi{}umer, Slobodan and Kotar, Jurij and Babi\ifmmode \check{c}\else \v{c}\fi{}, Du\ifmmode \check{s}\else \v{s}\fi{}an and Poberaj, Igor},
  journal = {Phys. Rev. Lett.},
  volume = {101},
  issue = {23},
  pages = {237801},
  numpages = {4},
  year = {2008},
  month = {Dec},
  publisher = {American Physical Society},
}

@article{Fukuda2009Confine,
  title = {Confinement effect on the interaction between colloidal particles in a nematic liquid crystal: An analytical study},
  author = {Fukuda, Jun-ichi and \ifmmode \check{Z}\else \v{Z}\fi{}umer, Slobodan},
  journal = {Phys. Rev. E},
  volume = {79},
  issue = {4},
  pages = {041703},
  numpages = {7},
  year = {2009},
  month = {Apr},
  publisher = {American Physical Society},
}

@article{Chernyshuk2010,
  title = {Elastic interaction between colloidal particles in confined nematic liquid crystals},
  author = {Chernyshuk, S. B. and Lev, B. I.},
  journal = {Phys. Rev. E},
  volume = {81},
  issue = {4},
  pages = {041701},
  numpages = {4},
  year = {2010},
  month = {Apr},
  publisher = {American Physical Society},
}

@article{Ognysta2011,
  title = {Square colloidal lattices and pair interaction in a binary system of quadrupolar nematic colloids},
  author = {Ognysta, U. M. and Nych, A. B. and Uzunova, V. A. and Pergamenschik, V. M. and Nazarenko, V. G. and \ifmmode \check{S}\else \v{S}\fi{}karabot, M. and Mu\ifmmode \check{s}\else \v{s}\fi{}evi\ifmmode \check{c}\else \v{c}\fi{}, I.},
  journal = {Phys. Rev. E},
  volume = {83},
  issue = {4},
  pages = {041709},
  numpages = {7},
  year = {2011},
  month = {Apr},
  publisher = {American Physical Society},
}

@Article{Senyuk2013,
  author    = {Senyuk, Bohdan and Liu, Qingkun and He, Sailing and Kamien, Randall D. and Kusner, Robert B. and Lubensky, Tom C. and Smalyukh, Ivan I.},
  title     = {Topological colloids},
  journal   = {Nature},
  year      = {2013},
  volume    = {493},
  number    = {7431},
  pages     = {200--205},
  month     = {01},
  annote    = {10.1038/nature11710},
  day       = {10},
  doi       = {10.1038/nature11710},
  publisher = {Nature Publishing Group, a division of Macmillan Publishers Limited. All Rights Reserved.},
}

@Article{Martinez2014,
  author    = {Martinez, Angel and Ravnik, Miha and Lucero, Brice and Visvanathan, Rayshan and {\v Z}umer, Slobodan and Smalyukh, Ivan I.},
  title     = {Mutually tangled colloidal knots and induced defect loops in nematic fields},
  journal   = {Nat Mater},
  year      = {2014},
  volume    = {13},
  number    = {3},
  pages     = {258--263},
  month     = {03},
  doi       = {10.1038/nmat3840},
  publisher = {Nature Publishing Group},
}

@Article{martinez2015linked,
  author    = {Martinez, Angel and Hermosillo, Leonardo and Tasinkevych, Mykola and Smalyukh, Ivan I},
  title     = {Linked topological colloids in a nematic host},
  journal   = {Proc. Natl. Acad. Sci.},
  year      = {2015},
  volume    = {112},
  number    = {15},
  pages     = {4546--4551},
  publisher = {National Acad Sciences},
}

@Article{Mondain-Monval1999,
  author  = {Mondain-Monval, O. and Dedieu, J.C. and Gulik-Krzywicki, T. and Poulin, P.},
  title   = {Weak surface energy in nematic dispersions: Saturn ring defects and quadrupolar interactions},
  journal = {Eur. Phys. J. B},
  year    = {1999},
  volume  = {12},
  number  = {2},
  pages   = {167--170},
  doi     = {10.1007/s100510050992},
}

@Article{Humpert2017,
  author  = {Anja Humpert and Samuel F. Brown and Michael P. Allen},
  title   = {Molecular simulations of entangled defect structures around nanoparticles in nematic liquid crystals},
  journal = {Liq. Cryst.},
  year    = {2017},
  pages   = {1-11},
  doi     = {10.1080/02678292.2017.1295478},
}

@Article{Lamy2016PRE,
  author    = {Alama, Stan and Bronsard, Lia and Lamy, Xavier},
  title     = {Analytical description of the Saturn-ring defect in nematic colloids},
  journal   = {Phys. Rev. E},
  year      = {2016},
  volume    = {93},
  pages     = {012705},
  month     = {Jan},
  doi       = {10.1103/PhysRevE.93.012705},
  issue     = {1},
  numpages  = {5},
  publisher = {American Physical Society},
}

@Article{Copar2011,
  author    = {\ifmmode \check{C}\else \v{C}\fi{}opar, Simon and \ifmmode \check{Z}\else \v{Z}\fi{}umer, Slobodan},
  title     = {Nematic Braids: Topological Invariants and Rewiring of Disclinations},
  journal   = {Phys. Rev. Lett.},
  year      = {2011},
  volume    = {106},
  pages     = {177801},
  month     = {Apr},
  doi       = {10.1103/PhysRevLett.106.177801},
  issue     = {17},
  numpages  = {4},
  publisher = {American Physical Society},
}

@Article{Copar2015,
  author  = {\ifmmode \check{C}\else \v{C}\fi{}opar, Simon and Tkalec, Uroš and Muševič, Igor and {\v{Z}}umer, Slobodan},
  title   = {Knot theory realizations in nematic colloids},
  journal = {Proc. Natl. Acad. Sci.},
  year    = {2015},
  volume  = {112},
  number  = {6},
  pages   = {1675-1680},
  doi     = {10.1073/pnas.1417178112},
}

@Article{Copar2013SM,
  author    = {\ifmmode \check{C}\else \v{C}\fi{}opar, Simon and Clark, Noel A. and Ravnik, Miha and {\v{Z}}umer, Slobodan},
  title     = {Elementary building blocks of nematic disclination networks in densely packed 3D colloidal lattices},
  journal   = {Soft Matter},
  year      = {2013},
  volume    = {9},
  pages     = {8203-8209},
  doi       = {10.1039/C3SM50475A},
  issue     = {34},
  publisher = {The Royal Society of Chemistry},
}

@Article{Copar2014,
  author  = {\ifmmode \check{C}\else \v{C}\fi{}opar, Simon},
  title   = {Topology and geometry of nematic braids},
  journal = {Phys. Rep.},
  year    = {2014},
  volume  = {538},
  number  = {1},
  pages   = {1 - 37},
  doi     = {https://doi.org/10.1016/j.physrep.2014.01.001},
}

@article{Ravnik2009braids,
  title={Nematic braids: 2D entangled nematic liquid crystal colloids},
  author={Ravnik, Miha and {\v{Z}}umer, Slobodan},
  journal={Soft Matter},
  volume={5},
  number={22},
  pages={4520--4525},
  year={2009},
  publisher={Royal Society of Chemistry}
}

@article{Alexander2012,
  title = {Colloquium},
  author = {Alexander, Gareth P. and Chen, Bryan Gin-ge and Matsumoto, Elisabetta A. and Kamien, Randall D.},
  journal = {Rev. Mod. Phys.},
  volume = {84},
  issue = {2},
  pages = {497--514},
  numpages = {0},
  year = {2012},
  month = {Apr},
  publisher = {American Physical Society},
  doi = {10.1103/RevModPhys.84.497},
}

@article{Stark2002PRE,
  title = {Saturn-ring defects around microspheres suspended in nematic liquid crystals: An analogy between confined geometries and magnetic fields},
  author = {Stark, Holger},
  journal = {Phys. Rev. E},
  volume = {66},
  issue = {3},
  pages = {032701},
  numpages = {2},
  year = {2002},
  month = {Sep},
  publisher = {American Physical Society},
  doi = {10.1103/PhysRevE.66.032701},
}

@article{tkalec2011reconfigurable,
  title={Reconfigurable knots and links in chiral nematic colloids},
  author={Tkalec, Uro{\v{s}} and Ravnik, Miha and {\v{C}}opar, Simon and {\v{Z}}umer, Slobodan and Mu{\v{s}}evi{\v{c}}, Igor},
  journal={Science},
  volume={333},
  number={6038},
  pages={62--65},
  year={2011},
  publisher={American Association for the Advancement of Science}
}

@Article{Nych2013,
  author    = {Nych, A. and Ognysta, U. and {\v S}karabot, M. and Ravnik, M. and {\v Z}umer, S. and Mu{\v s}evi{\v c}, I.},
  title     = {Assembly and control of 3D nematic dipolar colloidal crystals},
  journal   = {Nat. Commun.},
  year      = {2013},
  volume    = {4},
  pages     = {1489},
  month     = {02},
  day       = {12},
  publisher = {Nature Research},
}

@article{penzenstadler1989fine,
  title={Fine structure of point defects and soliton decay in nematic liquid crystals},
  author={Penzenstadler, E and Trebin, H-R},
  journal={Journal de Physique},
  volume={50},
  number={9},
  pages={1027--1040},
  year={1989},
  publisher={Soci{\'e}t{\'e} fran{\c{c}}aise de physique}
}

@article{trebin1982topology,
  title={The topology of non-uniform media in condensed matter physics},
  author={Trebin, H-R},
  journal={Advances in Physics},
  volume={31},
  number={3},
  pages={195--254},
  year={1982},
  publisher={Taylor \& Francis}
}

@article{Mermin1979,
  title = {The topological theory of defects in ordered media},
  author = {Mermin, N. D.},
  journal = {Rev. Mod. Phys.},
  volume = {51},
  issue = {3},
  pages = {591--648},
  numpages = {0},
  year = {1979},
  month = {Jul},
  publisher = {American Physical Society},
  doi = {10.1103/RevModPhys.51.591},
}

@article{Kralj1999,
  title = {Biaxial torus around nematic point defects},
  author = {Kralj, S. and Virga, E. G. and \ifmmode \check{Z}\else \v{Z}\fi{}umer, S.},
  journal = {Phys. Rev. E},
  volume = {60},
  issue = {2},
  pages = {1858--1866},
  numpages = {0},
  year = {1999},
  month = {Aug},
  publisher = {American Physical Society},
  doi = {10.1103/PhysRevE.60.1858},
}

@Article{Kleman2006,
  author  = {M. Kl{\'e}man and O. D. Lavrentovich},
  title   = {Topological point defects in nematic liquid crystals},
  journal = {Philos. Mag.},
  year    = {2006},
  volume  = {86},
  number  = {25-26},
  pages   = {4117-4137},
  doi     = {10.1080/14786430600593016},
}

@Article{Allen2004forces,
  author    = {Al-Barwani, Muataz S and Sutcliffe, Gregory S and Allen, Michael P},
  title     = {Forces between two colloidal particles in a nematic solvent},
  journal   = {J. Phys. Chem. B},
  year      = {2004},
  volume    = {108},
  number    = {21},
  pages     = {6663--6666},
  publisher = {ACS Publications},
}

@Article{Machon2013Mobius,
  author  = {Machon, Thomas and Alexander, Gareth P.},
  title   = {Knots and nonorientable surfaces in chiral nematics},
  journal = {Proc. Natl. Acad. Sci.},
  year    = {2013},
  volume  = {110},
  number  = {35},
  pages   = {14174-14179},
  doi     = {10.1073/pnas.1308225110},
}

@article{kleman1989defects,
  title={Defects in liquid crystals},
  author={Kl{\'e}man, Maurice},
  journal={Reports on Progress in Physics},
  volume={52},
  number={5},
  pages={555},
  year={1989},
  publisher={IOP Publishing}
}

@article{Loudet2001,
  title = {Application of an Electric Field to Colloidal Particles Suspended in a Liquid-Crystal Solvent},
  author = {Loudet, J. C. and Poulin, P.},
  journal = {Phys. Rev. Lett.},
  volume = {87},
  issue = {16},
  pages = {165503},
  numpages = {4},
  year = {2001},
  month = {Sep},
  publisher = {American Physical Society},
  doi = {10.1103/PhysRevLett.87.165503},
}

@article{Sungoh2016,
  title = {Colloidal Surfaces with Boundaries, Apex Boojums, and Nested Elastic Self-Assembly of Nematic Colloids},
  author = {Park, Sungoh and Liu, Qingkun and Smalyukh, Ivan I.},
  journal = {Phys. Rev. Lett.},
  volume = {117},
  issue = {27},
  pages = {277801},
  numpages = {5},
  year = {2016},
  month = {Dec},
  publisher = {American Physical Society},
  doi = {10.1103/PhysRevLett.117.277801},
}

@Article{Bajc2016,
  author  = {Iztok Bajc and Frédéric Hecht and Slobodan Žumer},
  title   = {A mesh adaptivity scheme on the Landau–de Gennes functional minimization case in 3D, and its driving efficiency},
  journal = {J. Comput. Phys.},
  year    = {2016},
  volume  = {321},
  pages   = {981 - 996},
  doi     = {https://doi.org/10.1016/j.jcp.2016.02.072},
}

@Article{Stratford2014,
  author    = {Stratford, K. and Henrich, O. and Lintuvuori, J. S. and Cates, M. E. and Marenduzzo, D.},
  title     = {Self-assembly of colloid-cholesteric composites provides a possible route to switchable optical materials},
  journal   = {Nat. Commun.},
  year      = {2014},
  volume    = {5},
  pages     = {3954},
  month     = {06},
  publisher = {Nature Publishing Group},
}

@Article{Copar2012,
  author    = {Copar, Simon and Porenta, Tine and Jampani, V. S. R. and Musevic, Igor and Zumer, Slobodan},
  title     = {Stability and rewiring of nematic braids in chiral nematic colloids},
  journal   = {Soft Matter},
  year      = {2012},
  volume    = {8},
  pages     = {8595-8600},
  doi       = {10.1039/C2SM25952D},
  issue     = {33},
  publisher = {The Royal Society of Chemistry},
}

@Article{Jampani2011,
  author    = {Jampani, V. S. R. and \ifmmode \check{S}\else \v{S}\fi{}karabot, M. and Ravnik, M. and \ifmmode \check{C}\else \v{C}\fi{}opar, S. and \ifmmode \check{Z}\else \v{Z}\fi{}umer, S. and Mu\ifmmode \check{s}\else \v{s}\fi{}evi\ifmmode \check{c}\else \v{c}\fi{}, I.},
  title     = {Colloidal entanglement in highly twisted chiral nematic colloids: Twisted loops, Hopf links, and trefoil knots},
  journal   = {Phys. Rev. E},
  year      = {2011},
  volume    = {84},
  pages     = {031703},
  month     = {Sep},
  doi       = {10.1103/PhysRevE.84.031703},
  issue     = {3},
  numpages  = {9},
  publisher = {American Physical Society},
}

@Article{Bohley2008,
  author    = {Bohley, Christian and Stannarius, Ralf},
  title     = {Inclusions in free standing smectic liquid crystal films},
  journal   = {Soft Matter},
  year      = {2008},
  volume    = {4},
  pages     = {683-702},
  doi       = {10.1039/B715124A},
  issue     = {4},
  publisher = {The Royal Society of Chemistry},
}

@article{Lintuvuori2011,
  title = {Self-Assembly and Nonlinear Dynamics of Dimeric Colloidal Rotors in Cholesterics},
  author = {Lintuvuori, J. S. and Stratford, K. and Cates, M. E. and Marenduzzo, D.},
  journal = {Phys. Rev. Lett.},
  volume = {107},
  issue = {26},
  pages = {267802},
  numpages = {4},
  year = {2011},
  month = {Dec},
  publisher = {American Physical Society},
  doi = {10.1103/PhysRevLett.107.267802},
}

@article{Lintuvuori2010,
  title = {Colloids in Cholesterics: Size-Dependent Defects and Non-Stokesian Microrheology},
  author = {Lintuvuori, J. S. and Stratford, K. and Cates, M. E. and Marenduzzo, D.},
  journal = {Phys. Rev. Lett.},
  volume = {105},
  issue = {17},
  pages = {178302},
  numpages = {4},
  year = {2010},
  month = {Oct},
  publisher = {American Physical Society},
  doi = {10.1103/PhysRevLett.105.178302},
}



@Comment{jabref-meta: databaseType:bibtex;}
